@article{Accadia2011,
author ={{T.\ Accadia et al.}},
authors = {Accadia, T and Acernese, F and Antonucci, F and Astone, P and Ballardin, G and Barone, F and Barsuglia, M and Basti, A and Bauer, Th S and Bebronne, M and Beker, M G and Belletoile, A and Birindelli, S and Bitossi, M and Bizouard, M A and Blom, M and Bondu, F and Bonelli, L and Bonnand, R and Boschi, V and Bosi, L and Bouhou, B and Braccini, S and Bradaschia, C and Branchesi, M and Briant, T and Brillet, A and Brisson, V and Budzy{\'n}ski, R and Bulik, T and Bulten, H J and Buskulic, D and Buy, C and Cagnoli, G and Calloni, E and Canuel, B and Carbognani, F and Cavalier, F and Cavalieri, R and Cella, G and Cesarini, E and Chaibi, O and {Chassande Mottin}, E and Chincarini, A and Cleva, F and Coccia, E and Cohadon, P-F and Colacino, C N and Colas, J and Colla, A and Colombini, M and Corsi, A and Coulon, J-P and Cuoco, E and D'Antonio, S and Dattilo, V and Davier, M and Day, R and {De Rosa}, R and Debreczeni, G and Pozzo, W Del and del Prete, M and {Di Fiore}, L and {Di Lieto}, A and {Di Paolo Emilio}, M and {Di Virgilio}, A and Dietz, A and Drago, M and Fafone, V and Ferrante, I and Fidecaro, F and Fiori, I and Flaminio, R and Forte, L A and Fournier, J-D and Franc, J and Frasca, S and Frasconi, F and Galimberti, M and Gammaitoni, L and Garufi, F and G{\'a}sp{\'a}r, M E and Gemme, G and Genin, E and Gennai, A and Giazotto, A and Gouaty, R and Granata, M and Greverie, C and Guidi, G M and Hayau, J-F and Heidmann, A and Heitmann, H and Hello, P and Huet, D and Jaranowski, P and Kowalska, I and Kr{\'o}lak, A and Leroy, N and Letendre, N and Li, T G F and Liguori, N and Lorenzini, M and Loriette, V and Losurdo, G and Majorana, E and Maksimovic, I and Man, N and Mantovani, M and Marchesoni, F and Marion, F and Marque, J and Martelli, F and Masserot, A and Michel, C and Milano, L and Minenkov, Y and Mohan, M and Morgado, N and Morgia, A and Mosca, S and Moscatelli, V and Mours, B and Nocera, F and Pagliaroli, G and Palladino, L and Palomba, C and Paoletti, F and Parisi, M and Pasqualetti, A and Passaquieti, R and Passuello, D and Persichetti, G and Pichot, M and Piergiovanni, F and Pietka, M and Pinard, L and Poggiani, R and Prato, M and Prodi, G A and Punturo, M and Puppo, P and Rabeling, D S and R{\'a}cz, I and Rapagnani, P and Re, V and Regimbau, T and Ricci, F and Robinet, F and Rocchi, A and Rolland, L and Romano, R and Rosi{\'n}ska, D and Ruggi, P and Sassolas, B and Sentenac, D and Sperandio, L and Sturani, R and Swinkels, B and Tacca, M and Taffarello, L and Toncelli, A and Tonelli, M and Torre, O and Tournefier, E and Travasso, F and Vajente, G and van den Brand, J F J and {Van Den Broeck}, C and van der Putten, S and Vasuth, M and Vavoulidis, M and Vedovato, G and Verkindt, D and Vetrano, F and Vicer{\'e}, A and Vinet, J-Y and Vitale, S and Vocca, H and Ward, R L and Was, M and Yvert, M and Zendri, J-P},
doi = {10.1088/0264-9381/28/11/114002},
journal = {Classical and Quantum Gravity},
month = jun,
number = {11},
pages = {114002},
title = {{Status of the Virgo project}},
url = {http://stacks.iop.org/0264-9381/28/i=11/a=114002?key=crossref.6c621b6f791f7aff3294d45a559f4ad9},
volume = {28},
year = {2011}
}
@article{Amaro-Seoane2007,
archivePrefix = {arXiv},
arxivId = {astro-ph/0703495},
author = {Amaro-Seoane, Pau and Gair, Jonathan R and Freitag, Marc and Miller, M Coleman and Mandel, Ilya and Cutler, Curt J and Babak, Stanislav},
doi = {10.1088/0264-9381/24/17/R01},
eprint = {0703495},
journal = {Classical and Quantum Gravity},
month = sep,
number = {17},
pages = {R113--R169},
primaryClass = {astro-ph},
title = {{Intermediate and extreme mass-ratio inspirals---astrophysics, science applications and detection using LISA}},
url = {http://adsabs.harvard.edu/abs/2007CQGra..24R.113A http://stacks.iop.org/0264-9381/24/i=17/a=R01},
volume = {24},
year = {2007}
}
@article{Amaro-Seoane2012a,
archivePrefix = {arXiv},
arxivId = {1202.0839},
author = {{P.\ Amaro-Seoane et al.}},
authors = {Amaro-Seoane, Pau and Aoudia, Sofiane and Babak, Stanislav and Bin{\'e}truy, Pierre and Berti, Emanuele and Boh{\'e}, Alejandro and Caprini, Chiara and Colpi, Monica and Cornish, Neil J and Danzmann, Karsten and Dufaux, Jean-Fran{\c{c}}ois and Gair, Jonathan and Jennrich, Oliver and Jetzer, Philippe and Klein, Antoine and Lang, Ryan N and Lobo, Alberto and Littenberg, Tyson and McWilliams, Sean T and Nelemans, Gijs and Petiteau, Antoine and Porter, Edward K and Schutz, Bernard F and Sesana, Alberto and Stebbins, Robin and Sumner, Tim and Vallisneri, Michele and Vitale, Stefano and Volonteri, Marta and Ward, Henry},
doi = {10.1088/0264-9381/29/12/124016},
eprint = {1202.0839},
journal = {Classical and Quantum Gravity},
month = jun,
number = {12},
pages = {124016},
title = {{Low-frequency gravitational-wave science with eLISA/NGO}},
url = {http://stacks.iop.org/0264-9381/29/i=12/a=124016?key=crossref.4e517133c72b0340ee27d32c5ee1c2e2},
volume = {29},
year = {2012}
}
@article{Arnold1963,
author = {Arnol'd, V I},
doi = {10.1070/RM1963v018n05ABEH004130},
journal = {Russian Mathematical Surveys},
month = sep,
number = {5},
pages = {9--36},
title = {{Proof of a Theorem of A. N. Kolmogorov on the Invariance of Quasi-Periodic Motions Under Small Perturbations of the Hamiltonian}},
url = {http://adsabs.harvard.edu/abs/1963RuMaS..18....9A},
volume = {18},
year = {1963}
}
@incollection{Arnold1988,
address = {New York},
author = {Arnold, V. I. and Kozlov, V.V. and Neishtadt, A. I.},
booktitle = {Dynamical Systems III},
editor = {Arnold, V. I.},
publisher = {Stringer-Verlag},
series = {Encyclopaedia of Mathematical Sciences},
title = {{Mathematical Aspects of Classical and Celestial Mechanics}},
translator = {Iacob, A.},
year = {1988}
}
@article{Baker2006,
archivePrefix = {arXiv},
arxivId = {gr-qc/0511103},
author = {Baker, John G. and Centrella, Joan and Choi, Dae-Il and Koppitz, Michael and van Meter, James},
doi = {10.1103/PhysRevLett.96.111102},
eprint = {0511103},
journal = {Physical Review Letters},
keywords = {Classical black holes,Numerical relativity,Relativity and gravitation,Wave generation and sources},
language = {en},
month = mar,
number = {11},
pages = {111102},
primaryClass = {gr-qc},
title = {{Gravitational-Wave Extraction from an Inspiraling Configuration of Merging Black Holes}},
url = {http://adsabs.harvard.edu/abs/2006PhRvL..96k1102B},
volume = {96},
year = {2006}
}
@article{Barack2009,
archivePrefix = {arXiv},
arxivId = {0908.1664},
author = {Barack, Leor},
doi = {10.1088/0264-9381/26/21/213001},
eprint = {0908.1664},
journal = {Classical and Quantum Gravity},
month = nov,
number = {21},
pages = {213001},
title = {{Gravitational self-force in extreme mass-ratio inspirals}},
url = {http://adsabs.harvard.edu/abs/2009CQGra..26u3001B},
volume = {26},
year = {2009}
}
@article{Bosley1992,
author = {Bosley, D. L. and Kevorkian, J.},
doi = {10.1137/0152028},
journal = {SIAM Journal on Applied Mathematics},
month = apr,
number = {2},
pages = {494--527},
title = {{Adiabatic Invariance and Transient Resonance in Very Slowly Varying Oscillatory Hamiltonian Systems}},
url = {http://www.jstor.org/stable/2102423 http://epubs.siam.org/doi/abs/10.1137/0152028},
volume = {52},
year = {1992}
}
@article{Brink2013,
archivePrefix = {arXiv},
arxivId = {1304.0330},
author = {Brink, Jeandrew and Geyer, Marisa and Hinderer, Tanja},
eprint = {1304.0330},
month = apr,
pages = {5},
title = {{Orbital resonances around Black holes}},
url = {http://arxiv.org/abs/1304.0330},
year = {2013}
}
@article{Campanelli2006,
archivePrefix = {arXiv},
arxivId = {gr-qc/0511048},
author = {Campanelli, M. and Lousto, C. O. and Marronetti, P. and Zlochower, Y.},
doi = {10.1103/PhysRevLett.96.111101},
eprint = {0511048},
journal = {Physical Review Letters},
keywords = {Classical black holes,Numerical relativity,Post-Newtonian approximation,Wave generation and sources,perturbation theory,related approximations},
language = {en},
month = mar,
number = {11},
pages = {111101},
primaryClass = {gr-qc},
title = {{Accurate Evolutions of Orbiting Black-Hole Binaries without Excision}},
url = {http://adsabs.harvard.edu/abs/2006PhRvL..96k1101C},
volume = {96},
year = {2006}
}
@article{Carter1968,
author = {Carter, Brandon},
doi = {10.1103/PhysRev.174.1559},
journal = {Physical Review},
month = oct,
number = {5},
pages = {1559--1571},
publisher = {American Physical Society},
title = {{Global Structure of the Kerr Family of Gravitational Fields}},
url = {http://prola.aps.org/abstract/PR/v174/i5/p1559_1 http://link.aps.org/doi/10.1103/PhysRev.174.1559},
volume = {174},
year = {1968}
}
@book{Chandrasekhar1992,
address = {Oxford},
author = {Chandrasekhar, S.},
publisher = {Oxford University Press},
series = {Oxford Classic Texts in the Physical Sciences},
title = {{The Mathematical Theory of Black Holes}},
year = {1992}
}
@article{Darwin1961,
author = {Darwin, C.},
doi = {10.1098/rspa.1961.0142},
journal = {Proceedings of the Royal Society A: Mathematical, Physical and Engineering Sciences},
month = aug,
number = {1312},
pages = {39--50},
title = {{The Gravity Field of a Particle. II}},
url = {http://rspa.royalsocietypublishing.org/content/263/1312/39},
volume = {263},
year = {1961}
}
@article{Drasco2004,
archivePrefix = {arXiv},
arxivId = {astro-ph/0308479},
author = {Drasco, Steve and Hughes, Scott},
doi = {10.1103/PhysRevD.69.044015},
eprint = {0308479},
journal = {Physical Review D},
keywords = {Astrophysics,General Relativity and Quantum Cosmology},
month = feb,
number = {4},
pages = {044015},
primaryClass = {astro-ph},
title = {{Rotating black hole orbit functionals in the frequency domain}},
url = {http://arxiv.org/abs/astro-ph/0308479},
volume = {69},
year = {2004}
}
@article{Drasco2005,
archivePrefix = {arXiv},
arxivId = {gr-qc/0505075},
author = {Drasco, Steve and Flanagan, {\'E}anna {\'E} and Hughes, Scott A},
doi = {10.1088/0264-9381/22/15/011},
eprint = {0505075},
journal = {Classical and Quantum Gravity},
month = aug,
number = {15},
pages = {S801--S846},
primaryClass = {gr-qc},
title = {{Computing inspirals in Kerr in the adiabatic regime: I. The scalar case}},
url = {http://stacks.iop.org/0264-9381/22/i=15/a=011},
volume = {22},
year = {2005}
}
@article{Flanagan2012,
archivePrefix = {arXiv},
arxivId = {1009.4923},
author = {Flanagan, {\'E}anna {\'E}. and Hinderer, Tanja},
doi = {10.1103/PhysRevLett.109.071102},
eprint = {1009.4923},
journal = {Physical Review Letters},
keywords = {General Relativity and Quantum Cosmology},
month = aug,
number = {7},
pages = {071102},
title = {{Transient Resonances in the Inspirals of Point Particles into Black Holes}},
url = {http://link.aps.org/doi/10.1103/PhysRevLett.109.071102},
volume = {109},
year = {2012}
}
@article{Flanagan2012a,
archivePrefix = {arXiv},
arxivId = {1208.3906},
author = {Flanagan, Eanna E. and Hughes, Scott A. and Ruangsri, Uchupol},
eprint = {1208.3906},
month = aug,
pages = {22},
title = {{Resonantly enhanced and diminished strong-field gravitational-wave fluxes}},
url = {http://arxiv.org/abs/1208.3906},
year = {2012}
}
@article{Gair2011a,
archivePrefix = {arXiv},
arxivId = {1012.5111},
author = {Gair, Jonathan R. and Flanagan, {\'E}anna {\'E}. and Drasco, Steve and Hinderer, Tanja and Babak, Stanislav},
doi = {10.1103/PhysRevD.83.044037},
eprint = {1012.5111},
journal = {Physical Review D},
keywords = {Galaxy Astrophysics,General Relativity and Quantum Cosmology,High Energy Astrophysical Phenomena},
month = feb,
number = {4},
pages = {044037},
title = {{Forced motion near black holes}},
url = {http://link.aps.org/doi/10.1103/PhysRevD.83.044037},
volume = {83},
year = {2011}
}
@article{Glampedakis2002,
archivePrefix = {arXiv},
arxivId = {gr-qc/0205033},
author = {Glampedakis, Kostas and Hughes, Scott and Kennefick, Daniel},
doi = {10.1103/PhysRevD.66.064005},
eprint = {0205033},
journal = {Physical Review D},
keywords = {Astrophysics,General Relativity and Quantum Cosmology},
month = sep,
number = {6},
pages = {064005},
primaryClass = {gr-qc},
title = {{Approximating the inspiral of test bodies into Kerr black holes}},
url = {http://arxiv.org/abs/gr-qc/0205033},
volume = {66},
year = {2002}
}
@book{Goldstein2002,
address = {Upper Sadle River, New Jersey},
author = {Goldstein, Herbert and Poole, Charles and Safko, John},
edition = {Third},
publisher = {Pearson Education International},
title = {{Classical Mechanics}},
year = {2002}
}
@article{Harry2010,
author = {Harry, Gregory M},
doi = {10.1088/0264-9381/27/8/084006},
journal = {Classical and Quantum Gravity},
month = apr,
number = {8},
pages = {084006},
title = {{Advanced LIGO: the next generation of gravitational wave detectors}},
url = {http://stacks.iop.org/0264-9381/27/i=8/a=084006},
volume = {27},
year = {2010}
}
@article{Hinderer2008,
archivePrefix = {arXiv},
arxivId = {0805.3337},
author = {Hinderer, Tanja and Flanagan, {\'E}anna {\'E}},
doi = {10.1103/PhysRevD.78.064028},
eprint = {0805.3337},
journal = {Physical Review D},
month = sep,
number = {6},
pages = {064028},
title = {{Two-timescale analysis of extreme mass ratio inspirals in Kerr spacetime: Orbital motion}},
url = {http://prd.aps.org/abstract/PRD/v78/i6/e064028},
volume = {78},
year = {2008}
}
@article{Kuroda2010,
author = {Kuroda, K},
doi = {10.1088/0264-9381/27/8/084004},
journal = {Classical and Quantum Gravity},
month = apr,
number = {8},
pages = {084004},
title = {{Status of LCGT}},
url = {http://stacks.iop.org/0264-9381/27/i=8/a=084004},
volume = {27},
year = {2010}
}
@article{Mino2003,
archivePrefix = {arXiv},
arxivId = {gr-qc/0302075},
author = {Mino, Yasushi},
doi = {10.1103/PhysRevD.67.084027},
eprint = {0302075},
journal = {Physical Review D},
month = apr,
number = {8},
pages = {084027},
primaryClass = {gr-qc},
title = {{Perturbative approach to an orbital evolution around a supermassive black hole}},
url = {http://prd.aps.org/abstract/PRD/v67/i8/e084027},
volume = {67},
year = {2003}
}
@book{Moser1973,
address = {Princeton, New Jersey},
author = {Moser, J{\"u}rgen},
publisher = {Princeton University Press},
series = {Annals of mathematical studies},
title = {{Stable and Random Motions in Dynamical Systems: With Special Emphasis on Celestial Mechanics}},
year = {1973}
}
@article{Poisson2004,
archivePrefix = {arXiv},
arxivId = {gr-qc/0306052},
author = {Poisson, Eric},
doi = {10.12942/lrr-2004-6},
eprint = {0306052},
journal = {Living Reviews in Relativity},
keywords = {Curved spacetime,Electromagnetic field,Equations of motion,Gravitation,Point particles,Radiation reaction,Scalar field,Self force},
language = {en},
month = jun,
number = {6},
primaryClass = {gr-qc},
title = {{The Motion of Point Particles in Curved Spacetime}},
url = {http://adsabs.harvard.edu/abs/2004LRR.....7....6P http://www.livingreviews.org/lrr-2004-6},
volume = {7},
year = {2004}
}
@article{Pretorius2005,
archivePrefix = {arXiv},
arxivId = {gr-qc/0507014},
author = {Pretorius, Frans},
doi = {10.1103/PhysRevLett.95.121101},
eprint = {0507014},
journal = {Physical Review Letters},
keywords = {Classical black holes,Numerical relativity,Wave generation and sources},
month = sep,
number = {12},
pages = {121101},
primaryClass = {gr-qc},
title = {{Evolution of Binary Black-Hole Spacetimes}},
url = {http://adsabs.harvard.edu/abs/2005PhRvL..95l1101P},
volume = {95},
year = {2005}
}
@article{Pound2008,
archivePrefix = {arXiv},
arxivId = {0708.3033},
author = {Pound, Adam and Poisson, Eric},
doi = {10.1103/PhysRevD.77.044013},
eprint = {0708.3033},
journal = {Physical Review D},
month = feb,
number = {4},
pages = {044013(18)},
publisher = {American Physical Society},
title = {{Osculating orbits in Schwarzschild spacetime, with an application to extreme mass-ratio inspirals}},
url = {http://link.aps.org/doi/10.1103/PhysRevD.77.044013},
volume = {77},
year = {2008}
}
@article{Schmidt2002,
archivePrefix = {arXiv},
arxivId = {gr-qc/0202090},
author = {Schmidt, W},
doi = {10.1088/0264-9381/19/10/314},
eprint = {0202090},
journal = {Classical and Quantum Gravity},
month = may,
number = {10},
pages = {2743--2764},
primaryClass = {gr-qc},
title = {{Celestial mechanics in Kerr spacetime}},
url = {http://stacks.iop.org/0264-9381/19/i=10/a=314?key=crossref.6982eaa29c42ef8f56462a872f62aa10},
volume = {19},
year = {2002}
}
@article{Warburton2012,
archivePrefix = {arXiv},
arxivId = {1111.6908},
author = {Warburton, Niels and Akcay, Sarp and Barack, Leor and Gair, Jonathan R. and Sago, Norichika},
doi = {10.1103/PhysRevD.85.061501},
eprint = {1111.6908},
journal = {Physical Review D},
keywords = {General Relativity and Quantum Cosmology,High Energy Astrophysical Phenomena},
month = mar,
number = {6},
pages = {061501(R)},
title = {{Evolution of inspiral orbits around a Schwarzschild black hole}},
url = {http://link.aps.org/doi/10.1103/PhysRevD.85.061501},
volume = {85},
year = {2012}
}
@article{Warburton2013,
archivePrefix = {arXiv},
arxivId = {1301.3918},
author = {Warburton, Niels and Barack, Leor and Sago, Norichika},
doi = {10.1103/PhysRevD.87.084012},
eprint = {1301.3918},
journal = {Physical Review D},
month = apr,
number = {8},
pages = {084012},
title = {{Isofrequency pairing of geodesic orbits in Kerr geometry}},
url = {http://arxiv.org/abs/1301.3918 http://link.aps.org/doi/10.1103/PhysRevD.87.084012},
volume = {87},
year = {2013}
}
@article{Wilkins1972,
author = {Wilkins, Daniel},
doi = {10.1103/PhysRevD.5.814},
journal = {Physical Review D},
month = feb,
number = {4},
pages = {814--822},
publisher = {American Physical Society},
shorttitle = {Phys. Rev. D},
title = {{Bound Geodesics in the Kerr Metric}},
url = {http://link.aps.org/doi/10.1103/PhysRevD.5.814},
volume = {5},
year = {1972}
}